@inproceedings{Audemard:2014,
    author    = {Gilles Audemard and Christophe Lecoutre and Mouny Samy Modeliar and Gilles Goncalves and Daniel Porumbel},
    title     = {Scoring-Based Neighborhood Dominance for the Subgraph Isomorphism Problem},
    booktitle = {Principles and Practice of Constraint Programming - 20th International
        Conference, {CP} 2014, Lyon, France, September 8-12, 2014. Proceedings},
    pages     = {125--141},
    year      = {2014},
    url       = {http://dx.doi.org/10.1007/978-3-319-10428-7_12},
    doi       = {10.1007/978-3-319-10428-7_12},
    timestamp = {Wed, 10 Sep 2014 14:36:56 +0200},
    biburl    = {http://dblp.uni-trier.de/rec/bib/conf/cp/AudemardLMGP14},
    bibsource = {dblp computer science bibliography, http://dblp.org}
}

@article{Solnon:2010,
    author    = {Christine Solnon},
    title     = {AllDifferent-based filtering for subgraph isomorphism},
    journal   = {Artif. Intell.},
    volume    = {174},
    number    = {12-13},
    pages     = {850--864},
    year      = {2010},
    url       = {http://dx.doi.org/10.1016/j.artint.2010.05.002},
    doi       = {10.1016/j.artint.2010.05.002},
    timestamp = {Thu, 09 Sep 2010 10:40:31 +0200},
    biburl    = {http://dblp.uni-trier.de/rec/bib/journals/ai/Solnon10},
    bibsource = {dblp computer science bibliography, http://dblp.org}
}

@article{Cordella:2004,
    author    = {Luigi P. Cordella and Pasquale Foggia and Carlo Sansone and Mario Vento},
    title     = {A (Sub)Graph Isomorphism Algorithm for Matching Large Graphs},
    journal   = {{IEEE} Trans. Pattern Anal. Mach. Intell.},
    volume    = {26},
    number    = {10},
    pages     = {1367--1372},
    year      = {2004},
    url       = {http://doi.ieeecomputersociety.org/10.1109/TPAMI.2004.75},
    doi       = {10.1109/TPAMI.2004.75},
    timestamp = {Wed, 26 Oct 2011 12:01:25 +0200},
    biburl    = {http://dblp.uni-trier.de/rec/bib/journals/pami/CordellaFSV04},
    bibsource = {dblp computer science bibliography, http://dblp.org}
}

@incollection{McCreesh:2015,
    year={2015},
    isbn={978-3-319-23218-8},
    booktitle={Principles and Practice of Constraint Programming},
    volume={9255},
    series={Lecture Notes in Computer Science},
    editor={Pesant, Gilles},
    doi={10.1007/978-3-319-23219-5_21},
    title={A Parallel, Backjumping Subgraph Isomorphism Algorithm Using Supplemental Graphs},
    url={http://dx.doi.org/10.1007/978-3-319-23219-5_21},
    publisher={Springer International Publishing},
    author={McCreesh, Ciaran and Prosser, Patrick},
    pages={295-312},
    language={English}
}

@incollection{Anton:2009,
    year={2009},
    isbn={978-3-642-01817-6},
    booktitle={Advances in Artificial Intelligence},
    volume={5549},
    series={Lecture Notes in Computer Science},
    editor={Gao, Yong and Japkowicz, Nathalie},
    doi={10.1007/978-3-642-01818-3_5},
    title={Generating Satisfiable SAT Instances Using Random Subgraph Isomorphism},
    url={http://dx.doi.org/10.1007/978-3-642-01818-3_5},
    publisher={Springer Berlin Heidelberg},
    author={Anton, C\v{a}lin and Olson, Lane},
    pages={16-26},
    language={English}
}

@article{Lipets:2009,
    year={2009},
    issn={1384-5810},
    journal={Data Mining and Knowledge Discovery},
    volume={19},
    number={3},
    doi={10.1007/s10618-009-0132-7},
    title={Subsea: an efficient heuristic algorithm for subgraph isomorphism},
    url={http://dx.doi.org/10.1007/s10618-009-0132-7},
    publisher={Springer US},
    keywords={Graph algorithms; Subgraph isomorphism; Heuristic; Bisection},
    author={Lipets, V. and Vanetik, N. and Gudes, E.},
    pages={320-350},
    language={English}
}

@article{LeytonBrown:2014,
    author = {Leyton-Brown, Kevin and Hoos, Holger H. and Hutter, Frank and Xu, Lin},
    title = {Understanding the Empirical Hardness of {NP}-complete Problems},
    journal = {Commun. ACM},
    issue_date = {May 2014},
    volume = {57},
    number = {5},
    month = may,
    year = {2014},
    issn = {0001-0782},
    pages = {98--107},
    numpages = {10},
    url = {http://doi.acm.org/10.1145/2594413.2594424},
    doi = {10.1145/2594413.2594424},
    acmid = {2594424},
    publisher = {ACM},
    address = {New York, NY, USA},
}

@inproceedings{Cheeseman:1991,
    author={Cheeseman, Peter and Kanefsky, Bob and Taylor, William M.},
    title={Where the really hard problems are},
    booktitle={Proceedings of the 12th international joint conference on Artificial intelligence - Volume 1},
    series={IJCAI'91},
    year={1991},
    isbn={1-55860-160-0},
    location={Sydney, New South Wales, Australia},
    pages={331--337},
    url={http://dl.acm.org/citation.cfm?id=1631171.1631221},
    acmid={1631221},
    publisher={Morgan Kaufmann Publishers Inc.},
    address={San Francisco, CA, USA},
}

@inproceedings{Mitchell:1992,
  author    = {David G. Mitchell and
               Bart Selman and
               Hector J. Levesque},
  title     = {Hard and Easy Distributions of {SAT} Problems},
  booktitle = {Proceedings of the 10th National Conference on Artificial Intelligence.
               San Jose, CA, July 12-16, 1992.},
  pages     = {459--465},
  year      = {1992},
  url       = {http://www.aaai.org/Library/AAAI/1992/aaai92-071.php},
  timestamp = {Tue, 11 Dec 2012 17:40:41 +0100},
  biburl    = {http://dblp.uni-trier.de/rec/bib/conf/aaai/MitchellSL92},
  bibsource = {dblp computer science bibliography, http://dblp.org}
}

@article{Levi:1973,
    year={1973},
    issn={0008-0624},
    journal={CALCOLO},
    volume={9},
    number={4},
    doi={10.1007/BF02575586},
    title={A note on the derivation of maximal common subgraphs of two directed or undirected graphs},
    url={http://dx.doi.org/10.1007/BF02575586},
    publisher={Springer-Verlag},
    author={Levi, G.},
    pages={341-352},
    language={English}
}

@incollection{Smith:1997,
    year={1997},
    isbn={978-3-540-63753-0},
    booktitle={Principles and Practice of Constraint Programming-CP97},
    volume={1330},
    series={Lecture Notes in Computer Science},
    editor={Smolka, Gert},
    doi={10.1007/BFb0017439},
    title={Modelling exceptionally hard constraint satisfaction problems},
    url={http://dx.doi.org/10.1007/BFb0017439},
    publisher={Springer Berlin Heidelberg},
    author={Smith, Barbara M. and Grant, Stuart A.},
    pages={182-195},
    language={English}
}

@inproceedings{Smith:1994,
    author    = {Barbara M. Smith},
    title     = {The Phase Transition and the Mushy Region in Constraint Satisfaction
                 Problems},
    booktitle = {{ECAI}},
    pages     = {100--104},
    year      = {1994},
    timestamp = {Thu, 03 Jan 2002 11:56:56 +0100},
    biburl    = {http://dblp.uni-trier.de/rec/bib/conf/ecai/Smith94},
    bibsource = {dblp computer science bibliography, http://dblp.org}
}

@article{Smith:1996,
    author    = {Barbara M. Smith and
                 Martin E. Dyer},
    title     = {Locating the Phase Transition in Binary Constraint Satisfaction Problems},
    journal   = {Artif. Intell.},
    volume    = {81},
    number    = {1-2},
    pages     = {155--181},
    year      = {1996},
    url       = {http://dx.doi.org/10.1016/0004-3702(95)00052-6},
    doi       = {10.1016/0004-3702(95)00052-6},
    timestamp = {Wed, 19 Nov 2003 16:01:19 +0100},
    biburl    = {http://dblp.uni-trier.de/rec/bib/journals/ai/SmithD96},
    bibsource = {dblp computer science bibliography, http://dblp.org}
}

@inproceedings{Walsh:1998,
    author    = {Toby Walsh},
    title     = {The Constrainedness Knife-Edge},
    booktitle = {Proceedings of the Fifteenth National Conference on Artificial Intelligence
                 and Tenth Innovative Applications of Artificial Intelligence Conference,
                 {AAAI} 98, {IAAI} 98, July 26-30, 1998, Madison, Wisconsin, {USA.}},
    pages     = {406--411},
    year      = {1998},
    url       = {http://www.aaai.org/Library/AAAI/1998/aaai98-057.php},
    timestamp = {Tue, 11 Dec 2012 12:57:22 +0100},
    biburl    = {http://dblp.uni-trier.de/rec/bib/conf/aaai/Walsh98},
    bibsource = {dblp computer science bibliography, http://dblp.org}
}

